
@misc{LOGISIM,
	author = {Logisim},
	institution = {Logisim},
	series = {2.7.0 (2011)},
	title = {Logisim, a graphical tool for designing and simulating logic circuits},
	url = {http://ozark.hendrix.edu/~burch/logisim/},
	howpublished = {\url{http://ozark.hendrix.edu/~burch/logisim/}},
	year = 2011,
}


@book{roth2009fundamentals,
  title={Fundamentals of Logic Design},
  author = {Charles {Roth Jr.}},
  isbn={9780495668046},
  url={http://books.google.com/books?id=EHN8VrpC21cC},
  year={2009},
  publisher={Cengage Learning}
}

@misc{ wiki:7400_Series,
   author = "Wikipedia",
   title = "7400 series --- {W}ikipedia{,} The Free Encyclopedia",
   year = "2011",
   url = "http://http://en.wikipedia.org/wiki/7400_series",
   howpublished = {\url{http://en.wikipedia.org/wiki/7400_series}},
   note = "[Online; accessed 15-September-2011]"
}
