
@misc{LOGISIM,
	author = {Logisim},
	institution = {Logisim},
	series = {2.7.0 (2011)},
	title = {Logisim, a graphical tool for designing and simulating logic circuits},
	url = {http://ozark.hendrix.edu/~burch/logisim/},
	howpublished = {\url{http://ozark.hendrix.edu/~burch/logisim/}},
	year = 2011,
}

